@book{glad-06,
author = "T. Glad och L. Ljung",
title = "Reglerteknik Grundläggande teori",
publisher = "Studentlitteratur",
chapter = "5, Kompensering (Syntes II)",
edition = "4",
pages = "104-107",
year = "2006"
}

@book{lund-03,
author = "Jan Lundgren et al.",
title = "Optimeringslära",
publisher = "Studentlitteratur",
chapter = "8.4, Billigaste väg-problem",
edition = "3",
pages = "190-202",
year = "2003",
isbn = "978-91-44-05314-1",
location = "Linköping"
}

@book{wang-11,
author = "Zhan Wang et al.",
title = "Simultaneous Localization and Mapping : Exactly Sparse Information Filters",
publisher = "World Scientific Publishing Co.",
chapter = "temp",
edition = "1",
pages = "1-199",
year = "2011",
isbn = "978-98-14-35032-7",
location = "Sydney"
}

@article{gris-07,
author = "Giorgio Grisetti et al.",
title = "Improved Techniques for Grid Mapping with Rao-Blackwellized Particle Filters",
journaltitle = "IEEE Transactions on Robotics",
year = "2007",
issn = "15523098",
doi = "10.1109/TRO.2006.889486",
url = "http://www.informatik.uni-freiburg.de/"
}
