@misc{diagram1,
    organization = "SHARP CORPORATION",
    title = "GP2Y0A21YK Optoelectronic Device",
    year = "2005",
    url = "http://www.sharpsma.com/webfm_send/1208",
    urldate = "2015-03-05"
}

@misc{sonar,
    author = "Georg Wiora",
    title = "Principle of a sonar or radar distance measurement",
    year = "2005",
    month = "October",
    url = "http://commons.wikimedia.org/wiki/File:Sonar_Principle_EN.svg",
    urldate = "2015-03-05"
}

@misc{spridning,
    title = "SRF04 Ultrasonic Range Finder",
    organization = "Devantech",
    year = "2003",
    month = "September",
    url = "https://docs.isy.liu.se/twiki/pub/VanHeden/DataSheets/srf04.pdf",
    urldate = "2015-03-05"
}

@misc{rfid1,
title = "What is RFID? - Animated Explanation",
    organization = "http://www.explania.com/",
    year = "2012",
    month = "march",
    url = "https://web.archive.org/web/20120322194318/http://www.explania.com/en/channels/technology/detail/what-is-rfid#moreShare",
    urldate = "2015-03-24"
}

@MISC{Weis_rfid,
    author = "Stephen A. Weis",
    title = "RFID (Radio Frequency Identification): Principles and Applications",
    year = "2006"
}

@misc{rfid_faq,
    organization = "RFID Journal",
    url = "http://www.rfidjournal.com/faq",
    urldate = "2015-03-24"  
}


@misc{vanheden_rfid,
    title = "RFID Card Reader, Serial",
    organization = "Parallax",
    url = "https://docs.isy.liu.se/twiki/pub/VanHeden/DataSheets/rfid-reader-v21.pdf",
    urldate = "2015-03-31"
}

@misc{vanheden,
    title = "Vanheden",
    organization = "ISY, Liu",
    url = "https://docs.isy.liu.se/twiki/bin/view/VanHeden",
    urldate = "2015-03-31"
}

@misc{Fotoceller,
    author = "Niclas Qvist",
    title = "Generell information om Fotoceller",
    organization = "Acumo",
    url = "http://www.acumo.se/generell-information-om-fotoceller-4",
    urldate = "2015-03-31"
}

@misc{vanheden-gyro,
    title = "MLX90609
Angular Rate Sensor",
    organization = "ISY, Liu",
    url = "https://docs.isy.liu.se/twiki/pub/VanHeden/DataSheets/MLX90609_datasheet.pdf",
    urldate = "2015-03-31"
}

@misc{vanheden_reflex,
    title = "Reflexsensor",
    year = "2007",
    month = "october",
    url = "https://docs.isy.liu.se/twiki/pub/VanHeden/DataSheets/reflex_sensor.pdf",
    urldate = "2015-03-31"
}

