@misc{diagram1,
    organization = "SHARP CORPORATION",
    title = "GP2Y0A21YK Optoelectronic Device",
    year = "2005",
    url = "http://www.sharpsma.com/webfm_send/1208",
    urldate = "2015-03-05"
}

@misc{sonar,
    author = "Georg Wiora",
    title = "Principle of a sonar or radar distance measurement",
    year = "2005",
    month = "October",
    url = "http://commons.wikimedia.org/wiki/File:Sonar_Principle_EN.svg",
    urldate = "2015-03-05"
}

@online{spridning,
    title = "SRF04 Ultrasonic Range Finder",
    organization = "Devantech",
    year = "2003",
    month = "September",
    url = "https://docs.isy.liu.se/twiki/pub/VanHeden/DataSheets/srf04.pdf",
    urldate = "2015-03-05"
}
