@book{glad-06,
author = "T. Glad och L. Ljung",
title = "Reglerteknik GrundlÃ¤ggande teori",
publisher = "Studentlitteratur",
chapter = "5, Kompensering (Syntes II)",
edition = "4",
pages = "104-107",
year = "2006"
}